% Encoding: UTF-8

@Misc{kaggle2021rsna,
  author       = {{Radiological Society of North America}},
  howpublished = {\url{https://www.kaggle.com/c/rsna-miccai-brain-tumor-radiogenomic-classification/overview}},
  note         = {[Online; accessed 26-July-2021]},
  title        = {RSNA-MICCAI Brain Tumor Radiogenomic Classification},
  year         = {2021},
}

@Comment{jabref-meta: databaseType:bibtex;}
